1804 3026
26 1060 215 1108 udde

917 196 966 235 v'i

354 305 483 350 Dum
521 302 577 346 el.
616 300 859 345 Professor
899 299 1211 359 IVoffgcmg‚
1249 298 1497 345 relationes
1538 297 1636 357 has,

252 385 300 429 in
330 377 703 427 Commentarios
745 376 1152 422 pharmaceuticos
1188 379 1490 438 (Pamigtnik
1511 380 1633 437 fat·-

253 469 607 519 vizaceatyczny
644 455 883 518 wileriski)
942 454 1171 500 Sectionis
1222 453 1633 501 Phamnaceuticae

253 538 470 584 Societat.
505 535 633 581 Caes.
678 533 884 579 medicae
926 533 1193 590 VilnensiS,
1233 549 1312 577 sua
1351 550 1459 578 cura
1502 534 1632 597 dige-

254 630 374 673 stos,
411 613 664 676 receperit,
703 611 865 674 rogavi
902 611 958 656 ab
998 610 1109 667 illo,
1158 624 1207 655 ut
1255 623 1298 656 et
1341 611 1634 673 supradictae

254 692 612 741 Enumerationi
639 691 798 736 locum
830 687 1003 735 ibidem
1037 687 1302 735 destinaret.
1353 688 1461 743 Quo
1498 690 1635 749 facto,

257 792 353 818 non
391 773 545 818 solum
582 771 630 815 in
666 768 895 815 fasciculis
945 766 1337 829 subsequentibus
1381 766 1637 813 Commen-

254 851 513 907 tariorum,
538 848 842 894 Enumeratio
880 846 976 909 ipsa
1013 864 1119 890 cum
1154 845 1516 890 Continuatione
1543 845 1636 908 pri·-

255 949 329 976 nra
362 928 481 973 edita
514 941 604 984 est,
636 945 795 971 verum
821 925 985 980 etiam,
1015 923 1213 987 plurima
1243 923 1451 968 eiusdem
1481 940 1635 968 exem-

253 1002 648 1096 plat·ia‚lpubli‹i
684 1005 796 1050 iuris
833 1002 1081 1066 separatim
1121 1002 1238 1047 facta
1275 1013 1396 1045 sunt.

356 1084 470 1131 Ideo
510 1083 657 1129 redux
694 1083 863 1140 Vilna,
921 1097 1028 1126 vere
1069 1080 1281 1142 proxime
1318 1079 1502 1141 elapso,
1551 1078 1637 1124 im-

253 1182 408 1230 pressa
461 1162 607 1208 revidi
656 1174 793 1224 atque
831 1159 1235 1205 continuationem
1272 1157 1552 1216 secundam,
1589 1170 1634 1203 et

254 1243 570 1288 correctiones
610 1241 823 1303 priorum
860 1237 1122 1295 elaboravi3
1160 1254 1280 1299 quae
1317 1237 1474 1281 onmia
1512 1254 1639 1281 nune

255 1321 593 1369 Botanicoruui
633 1317 807 1363 iudicio
846 1316 1095 1374 submitto,
1143 1328 1305 1379 petens
1352 1332 1518 1361 eorum
1567 1313 1639 1358 in-

253 1399 547 1463 dulgentiam
590 1398 768 1442 ratione
808 1395 1048 1457 opusculi,
1094 1396 1201 1439 soro
1247 1394 1435 1457 publico
1484 1391 1637 1454 primo

256 1498 349 1524 non
389 1477 629 1532 destinati,
676 1476 804 1520 cuius
843 1474 1065 1518 duntaxat
1102 1473 1295 1517 unicum
1333 1472 1421 1517 fuit
1457 1470 1638 1515 institu-

255 1570 380 1615 tum,
420 1569 468 1600 ut
496 1572 763 1616 persuasum
802 1551 1029 1596 habereut
1069 1551 1131 1596 rei
1170 1549 1472 1595 scholasticae
1511 1546 1639 1611 apud

259 1654 345 1680 uus
384 1633 730 1688 moderatores,
769 1649 840 1676 rue
866 1629 924 1675 ad
944 1629 1135 1676 Floram
1170 1628 1443 1692 indigenam
1476 1628 1640 1673 adum-

255 1713 484 1760 }›randam
523 1712 810 1757 iumnnbere.
1625 1709 1629 1715 ”

360 1790 655 1837 Commercia
694 1788 934 1833 literarum
971 1787 1133 1832 colcus
1168 1804 1275 1831 cum
1320 1781 1638 1831 celeberrimis

259 1870 494 1917 Botanicis
521 1882 611 1913 tam
639 1866 830 1929 Imperii
862 1864 1115 1910 Rtithenici
1142 1883 1282 1927 quam
1315 1882 1423 1909 cum
1456 1863 1639 1918 exteris,

259 1949 317 1995 de
349 1946 564 2012 plurimis
601 1946 769 2009 plantis
801 1945 889 1990 iam
920 1944 1089 1989 certior
1119 1945 1266 1989 factus
1300 1960 1429 2000 sum3
1467 1953 1641 1986 restant

257 2043 414 2074 tamen
452 2026 627 2071 multae
668 2022 781 2069 mihi
819 2021 1015 2080 dubiae,
1061 2020 1119 2067 de
1154 2022 1325 2085 quibus
1375 2020 1640 2084 peritorum

258 2104 533 2152 sententiam
583 2120 715 2166 rogo.
786 2100 1056 2164 Specimina
1104 2100 1220 2146 sicca
1268 2100 1487 2146 lubenter
1536 2114 1641 2142 sum

257 2183 719 2237 communicaturus,
764 2180 833 2225 uti
870 2192 913 2226 et
940 2179 1185 2243 hucusque
1220 2179 1436 2223 feceram.
1507 2173 1642 2221 Cete-

257 2281 362 2309 rum
392 2274 526 2324 grato
555 2261 704 2305 fateor
735 2258 913 2317 animo,
942 2255 1074 2321 quod
1100 2273 1240 2302 omne
1269 2257 1367 2302 fere
1398 2253 1641 2313 auxilium,

255 2342 305 2388 in
348 2340 478 2387 factis
541 2336 999 2402 peregrinationibus
1047 2353 1071 2381 a
1114 2333 1347 2398 discipulo
1396 2331 1643 2397 qnondam

255 2426 391 2477 meo,
429 2434 554 2463 nunc
585 2432 778 2461 munere
808 2413 925 2459 mihi
953 2414 1140 2471 iuncto,
1175 2411 1387 2459 Antonio
1415 2410 1642 2458 Andrze-

255 2499 495 2553 iowskio,
529 2493 721 2552 Florae,
750 2505 794 2538 et
818 2493 1066 2557 praecipue
1096 2492 1362 2555 plantarum
1393 2490 1642 2536 crucifera-

259 2596 366 2623 run·
404 2576 584 2622 cultore
622 2571 880 2630 indefesso,
931 2584 1145 2617 tenemus
1191 2589 1216 2616 a
1253 2569 1527 2616 liberalitate
1565 2585 1641 2614 ex-

257 2655 529 2702 cellentium
576 2650 659 2696 has
711 2650 928 2712 regiones
979 2648 1342 2695 inhabitantium
1387 2664 1636 2712 procerum
